@article{duan.abbeel201611,
  title={{{RL}}$^{2}$: Fast reinforcement learning via slow reinforcement learning},
  author = {Duan, Yan and Schulman, John and Chen, Xi and Bartlett, Peter L. and Sutskever, Ilya and Abbeel, Pieter},
  year = {2016},
  month = nov,
  url = {http://arxiv.org/abs/1611.02779},
  journal = {arXiv:1611.02779}
}

@article{fakoor.smola202004,
  title = {Meta-{{Q-Learning}}},
  author = {Fakoor, Rasool and Chaudhari, Pratik and Soatto, Stefano and Smola, Alexander J.},
  year = {2020},
  month = apr,
  journal = {arXiv:1910.00125},
  url = {http://arxiv.org/abs/1910.00125}
}