%%
% 参考文献
% 本模板文后参考文献格式采用国家标准《文后参考文献著录规则》中的标准形式
%参考文献是毕业设计(论文)不可缺少的组成部分，它反映毕业设计(论文)的取材来源、材料的广博程度和材料的可靠程度，也是作者对他人知识成果的承认和尊重。一份完整的参考文献可向读者提供一份有价值的信息资料。
%“参考文献”为论文中所有引文、引用观点以及对论文有重要影响和启发的文献
%参考文献出处最好为高档次杂志期刊及会议论文：
%毕业论文中，参考所涉及到的网络文章、政府文件等非标准文献，在文中以脚注形式出现。
%不要大量引用博士硕士论文
%%

%%%%%%%%%%%%%%%%%%%%%%%%%%%%%%%%%%%%%%%%%%%%%%%%%%%%%%%%%%%%%%%%%%%%%%%%%%%%%%%%%%%%%%%%%%%%%%%%%%%%%%%%%%%%%
%%！！根据学院老师要求，英文作者名字只需首字母大写，所以请大家如示例所示只将英文作者姓氏首字母大写，并加一个大括号！！
%%！！！如果需要加入网址（url)且网址中出现%等特殊符号，需要与正文一样在其前面添加“\”，否则会出错！！！
%%%%%%%%%%%%%%%%%%%%%%%%%%%%%%%%%%%%%%%%%%%%%%%%%%%%%%%%%%%%%%%%%%%%%%%%%%%%%%%%%%%%%%%%%%%%%%%%%%%%%%%%%%%%%

%期刊文章
@article{gunduz2022beyond,
  title={Beyond transmitting bits: Context, semantics, and task-oriented communications},
  author={G{\"u}nd{\"u}z, Deniz and Qin, Zhijin and Aguerri, Inaki Estella and Dhillon, Harpreet S and Yang, Zhaohui and Yener, Aylin and Wong, Kai Kit and Chae, Chan-Byoung},
  journal={IEEE Journal on Selected Areas in Communications},
  volume={41},
  number={1},
  pages={5--41},
  year={2022},
  publisher={IEEE}
}

@article{goodfellow2014generative,
  title={Generative adversarial nets},
  author={Goodfellow, Ian and Pouget-Abadie, Jean and Mirza, Mehdi and Xu, Bing and Warde-Farley, David and Ozair, Sherjil and Courville, Aaron and Bengio, Yoshua},
  journal={Advances in neural information processing systems},
  volume={27},
  year={2014}
}

@article{mirza2014conditional,
  title={Conditional generative adversarial nets},
  author={Mirza, Mehdi and Osindero, Simon},
  journal={arXiv preprint arXiv:1411.1784},
  year={2014}
}

@article{bourtsoulatze2019deep,
  title={Deep joint source-channel coding for wireless image transmission},
  author={Bourtsoulatze, Eirina and Kurka, David Burth and G{\"u}nd{\"u}z, Deniz},
  journal={IEEE Transactions on Cognitive Communications and Networking},
  volume={5},
  number={3},
  pages={567--579},
  year={2019},
  publisher={IEEE}
}

@article{xu2021wireless,
  title={Wireless image transmission using deep source channel coding with attention modules},
  author={Xu, Jialong and Ai, Bo and Chen, Wei and Yang, Ang and Sun, Peng and Rodrigues, Miguel},
  journal={IEEE Transactions on Circuits and Systems for Video Technology},
  volume={32},
  number={4},
  pages={2315--2328},
  year={2021},
  publisher={IEEE}
}

@article{wu2023deep,
  title={Deep joint source-channel coding for adaptive image transmission over MIMO channels},
  author={Wu, Haotian and Shao, Yulin and Bian, Chenghong and Mikolajczyk, Krystian and G{\"u}nd{\"u}z, Deniz},
  journal={arXiv preprint arXiv:2309.00470},
  year={2023}
}

@article{heusel2017gans,
  title={Gans trained by a two time-scale update rule converge to a local nash equilibrium},
  author={Heusel, Martin and Ramsauer, Hubert and Unterthiner, Thomas and Nessler, Bernhard and Hochreiter, Sepp},
  journal={Advances in neural information processing systems},
  volume={30},
  year={2017}
}

@article{salimans2016improved,
  title={Improved techniques for training gans},
  author={Salimans, Tim and Goodfellow, Ian and Zaremba, Wojciech and Cheung, Vicki and Radford, Alec and Chen, Xi},
  journal={Advances in neural information processing systems},
  volume={29},
  year={2016}
}

@article{liang2021pruning,
  title={Pruning and quantization for deep neural network acceleration: A survey},
  author={Liang, Tailin and Glossner, John and Wang, Lei and Shi, Shaobo and Zhang, Xiaotong},
  journal={Neurocomputing},
  volume={461},
  pages={370--403},
  year={2021},
  publisher={Elsevier}
}

@article{gou2021knowledge,
  title={Knowledge distillation: A survey},
  author={Gou, Jianping and Yu, Baosheng and Maybank, Stephen J and Tao, Dacheng},
  journal={International Journal of Computer Vision},
  volume={129},
  number={6},
  pages={1789--1819},
  year={2021},
  publisher={Springer}
}

@ARTICLE{9609572,
  author={Li, Muyang and Lin, Ji and Ding, Yaoyao and Liu, Zhijian and Zhu, Jun-Yan and Han, Song},
  journal={IEEE Transactions on Pattern Analysis and Machine Intelligence}, 
  title={GAN Compression: Efficient Architectures for Interactive Conditional GANs}, 
  year={2022},
  volume={44},
  number={12},
  pages={9331-9346},
  keywords={Training;Computational modeling;Generative adversarial networks;Computer architecture;Generators;Image coding;Image edge detection;GAN compression;GAN;compression;image-to-image translation;distillation;neural architecture search},
  doi={10.1109/TPAMI.2021.3126742}}

@article{vaswani2017attention,
  title={Attention is all you need},
  author={Vaswani, Ashish and Shazeer, Noam and Parmar, Niki and Uszkoreit, Jakob and Jones, Llion and Gomez, Aidan N and Kaiser, {\L}ukasz and Polosukhin, Illia},
  journal={Advances in neural information processing systems},
  volume={30},
  year={2017}
}

@article{stefanini2022show,
  title={From show to tell: A survey on deep learning-based image captioning},
  author={Stefanini, Matteo and Cornia, Marcella and Baraldi, Lorenzo and Cascianelli, Silvia and Fiameni, Giuseppe and Cucchiara, Rita},
  journal={IEEE transactions on pattern analysis and machine intelligence},
  volume={45},
  number={1},
  pages={539--559},
  year={2022},
  publisher={IEEE}
}

@article{dosovitskiy2020image,
  title={An image is worth 16x16 words: Transformers for image recognition at scale},
  author={Dosovitskiy, Alexey and Beyer, Lucas and Kolesnikov, Alexander and Weissenborn, Dirk and Zhai, Xiaohua and Unterthiner, Thomas and Dehghani, Mostafa and Minderer, Matthias and Heigold, Georg and Gelly, Sylvain and others},
  journal={arXiv preprint arXiv:2010.11929},
  year={2020}
}

@article{yu2022coca,
  title={Coca: Contrastive captioners are image-text foundation models},
  author={Yu, Jiahui and Wang, Zirui and Vasudevan, Vijay and Yeung, Legg and Seyedhosseini, Mojtaba and Wu, Yonghui},
  journal={arXiv preprint arXiv:2205.01917},
  year={2022}
}

@article{zhao2023fast,
  title={Fast segment anything},
  author={Zhao, Xu and Ding, Wenchao and An, Yongqi and Du, Yinglong and Yu, Tao and Li, Min and Tang, Ming and Wang, Jinqiao},
  journal={arXiv preprint arXiv:2306.12156},
  year={2023}
}

@ARTICLE{9356353,
  author={Minaee, Shervin and Boykov, Yuri and Porikli, Fatih and Plaza, Antonio and Kehtarnavaz, Nasser and Terzopoulos, Demetri},
  journal={IEEE Transactions on Pattern Analysis and Machine Intelligence}, 
  title={Image Segmentation Using Deep Learning: A Survey}, 
  year={2022},
  volume={44},
  number={7},
  pages={3523-3542},
  keywords={Image segmentation;Computer architecture;Semantics;Deep learning;Computational modeling;Generative adversarial networks;Logic gates;Image segmentation;deep learning;convolutional neural networks;encoder-decoder models;recurrent models;generative models;semantic segmentation;instance segmentation;panoptic segmentation;medical image segmentation},
  doi={10.1109/TPAMI.2021.3059968}}

@ARTICLE{8627998,
  author={Zhao, Zhong-Qiu and Zheng, Peng and Xu, Shou-Tao and Wu, Xindong},
  journal={IEEE Transactions on Neural Networks and Learning Systems}, 
  title={Object Detection With Deep Learning: A Review}, 
  year={2019},
  volume={30},
  number={11},
  pages={3212-3232},
  keywords={Object detection;Deep learning;Task analysis;Feature extraction;Computer architecture;Training;Neural networks;Deep learning;neural network;object detection},
  doi={10.1109/TNNLS.2018.2876865}}

@article{cheng2023wireless,
  title={A Wireless AI-Generated Content (AIGC) Provisioning Framework Empowered by Semantic Communication},
  author={Cheng, Runze and Sun, Yao and Niyato, Dusit and Zhang, Lan and Zhang, Lei and Imran, Muhammad Ali},
  journal={arXiv preprint arXiv:2310.17705},
  year={2023}
}

@article{wei2023diffusion,
  title={De-diffusion makes text a strong cross-modal interface},
  author={Wei, Chen and Liu, Chenxi and Qiao, Siyuan and Zhang, Zhishuai and Yuille, Alan and Yu, Jiahui},
  journal={arXiv preprint arXiv:2311.00618},
  year={2023}
}

@article{kurka2021bandwidth,
  title={Bandwidth-agile image transmission with deep joint source-channel coding},
  author={Kurka, David Burth and G{\"u}nd{\"u}z, Deniz},
  journal={IEEE Transactions on Wireless Communications},
  volume={20},
  number={12},
  pages={8081--8095},
  year={2021},
  publisher={IEEE}
}

@article{zhou2022adaptive,
  title={Adaptive bit rate control in semantic communication with incremental knowledge-based HARQ},
  author={Zhou, Qingyang and Li, Rongpeng and Zhao, Zhifeng and Xiao, Yong and Zhang, Honggang},
  journal={IEEE Open Journal of the Communications Society},
  volume={3},
  pages={1076--1089},
  year={2022},
  publisher={IEEE}
}

@article{jiang2022deep,
  title={Deep source-channel coding for sentence semantic transmission with HARQ},
  author={Jiang, Peiwen and Wen, Chao-Kai and Jin, Shi and Li, Geoffrey Ye},
  journal={IEEE transactions on communications},
  volume={70},
  number={8},
  pages={5225--5240},
  year={2022},
  publisher={IEEE}
}

@article{zhang2023predictive,
  title={Predictive and adaptive deep coding for wireless image transmission in semantic communication},
  author={Zhang, Wenyu and Zhang, Haijun and Ma, Hui and Shao, Hua and Wang, Ning and Leung, Victor CM},
  journal={IEEE Transactions on Wireless Communications},
  year={2023},
  publisher={IEEE}
}

@article{zhang2023text,
  title={Text-to-image diffusion model in generative ai: A survey},
  author={Zhang, Chenshuang and Zhang, Chaoning and Zhang, Mengchun and Kweon, In So},
  journal={arXiv preprint arXiv:2303.07909},
  year={2023}
}

@article{saharia2022photorealistic,
  title={Photorealistic text-to-image diffusion models with deep language understanding},
  author={Saharia, Chitwan and Chan, William and Saxena, Saurabh and Li, Lala and Whang, Jay and Denton, Emily L and Ghasemipour, Kamyar and Gontijo Lopes, Raphael and Karagol Ayan, Burcu and Salimans, Tim and others},
  journal={Advances in neural information processing systems},
  volume={35},
  pages={36479--36494},
  year={2022}
}

@article{he2023rate,
  title={Rate-adaptive coding mechanism for semantic communications with multi-modal data},
  author={He, Yangshuo and Yu, Guanding and Cai, Yunlong},
  journal={IEEE Transactions on Communications},
  year={2023},
  publisher={IEEE}
}

@article{dai2022nonlinear,
  title={Nonlinear transform source-channel coding for semantic communications},
  author={Dai, Jincheng and Wang, Sixian and Tan, Kailin and Si, Zhongwei and Qin, Xiaoqi and Niu, Kai and Zhang, Ping},
  journal={IEEE Journal on Selected Areas in Communications},
  volume={40},
  number={8},
  pages={2300--2316},
  year={2022},
  publisher={IEEE}
}

@article{mikolov2013efficient,
  title={Efficient estimation of word representations in vector space},
  author={Mikolov, Tomas and Chen, Kai and Corrado, Greg and Dean, Jeffrey},
  journal={arXiv preprint arXiv:1301.3781},
  year={2013}
}

@article{Kingma_Welling_2013,
title={Auto-Encoding Variational Bayes},
journal={arXiv: Machine Learning,arXiv: Machine Learning},
author={Kingma, DiederikP. and Welling, Max},
year={2013},
month={Dec},
language={en-US}
}

@article{ho2020denoising,
  title={Denoising diffusion probabilistic models},
  author={Ho, Jonathan and Jain, Ajay and Abbeel, Pieter},
  journal={Advances in neural information processing systems},
  volume={33},
  pages={6840--6851},
  year={2020}
}

@article{erdemir2023generative,
  title={Generative joint source-channel coding for semantic image transmission},
  author={Erdemir, Ecenaz and Tung, Tze-Yang and Dragotti, Pier Luigi and G{\"u}nd{\"u}z, Deniz},
  journal={IEEE Journal on Selected Areas in Communications},
  year={2023},
  publisher={IEEE}
}

@article{yang2022ofdm,
  title={OFDM-guided deep joint source channel coding for wireless multipath fading channels},
  author={Yang, Mingyu and Bian, Chenghong and Kim, Hun-Seok},
  journal={IEEE Transactions on Cognitive Communications and Networking},
  volume={8},
  number={2},
  pages={584--599},
  year={2022},
  publisher={IEEE}
}

@article{Zhang_Shao_Tao_Bi_Letaief_2022,  
  title={Deep Learning-Enabled Semantic Communication Systems with Task-Unaware Transmitter and Dynamic Data}, 
  journal={IEEE Journal on Selected Areas in Communications ( Volume: 41, Issue: 1, January 2023)}, 
  author={Zhang, Hongwei and Shao, Shuo and Tao, Meixia and Bi, Xiaoyan and Letaief, KhaledB.}, 
  year={2022}, 
  month={Apr}, 
  language={en-US} 
}

%会议论文
@inproceedings{tighe2013finding,
	title={Finding things: Image parsing with regions and per-exemplar detectors},
	author={Joseph {Tighe} and Svetlana {Lazebnik}},
	booktitle={Proceedings of the IEEE Conference on Computer Vision and Pattern Recognition},
	pages={3001--3008},
	year={2013},
	address={Paris, France},						
	publisher = {IEEE}
}

@inproceedings{zhang2018unreasonable,
  title={The unreasonable effectiveness of deep features as a perceptual metric},
  author={Zhang, Richard and Isola, Phillip and Efros, Alexei A and Shechtman, Eli and Wang, Oliver},
  booktitle={Proceedings of the IEEE conference on computer vision and pattern recognition},
  pages={586--595},
  year={2018}
}

@inproceedings{wang2022perceptual,
  title={Perceptual learned source-channel coding for high-fidelity image semantic transmission},
  author={Wang, Jun and Wang, Sixian and Dai, Jincheng and Si, Zhongwei and Zhou, Dekun and Niu, Kai},
  booktitle={GLOBECOM 2022-2022 IEEE Global Communications Conference},
  pages={3959--3964},
  year={2022},
  organization={IEEE}
}

@inproceedings{he2016deep,
  title={Deep residual learning for image recognition},
  author={He, Kaiming and Zhang, Xiangyu and Ren, Shaoqing and Sun, Jian},
  booktitle={Proceedings of the IEEE conference on computer vision and pattern recognition},
  pages={770--778},
  year={2016}
}

@inproceedings{farsad2018deep,
  title={Deep learning for joint source-channel coding of text},
  author={Farsad, Nariman and Rao, Milind and Goldsmith, Andrea},
  booktitle={2018 IEEE international conference on acoustics, speech and signal processing (ICASSP)},
  pages={2326--2330},
  year={2018},
  organization={IEEE}
}

@inproceedings{kirillov2023segment,
  title={Segment anything},
  author={Kirillov, Alexander and Mintun, Eric and Ravi, Nikhila and Mao, Hanzi and Rolland, Chloe and Gustafson, Laura and Xiao, Tete and Whitehead, Spencer and Berg, Alexander C and Lo, Wan-Yen and others},
  booktitle={Proceedings of the IEEE/CVF International Conference on Computer Vision},
  pages={4015--4026},
  year={2023}
}

@InProceedings{Park_2019_CVPR,
author = {Park, Taesung and Liu, Ming-Yu and Wang, Ting-Chun and Zhu, Jun-Yan},
title = {Semantic Image Synthesis With Spatially-Adaptive Normalization},
booktitle = {Proceedings of the IEEE/CVF Conference on Computer Vision and Pattern Recognition (CVPR)},
month = {June},
year = {2019}
}

@InProceedings{Bolya_2019_ICCV,
author = {Bolya, Daniel and Zhou, Chong and Xiao, Fanyi and Lee, Yong Jae},
title = {YOLACT: Real-Time Instance Segmentation},
booktitle = {Proceedings of the IEEE/CVF International Conference on Computer Vision (ICCV)},
month = {October},
year = {2019}
}

@inproceedings{tao2023galip,
  title={Galip: Generative adversarial clips for text-to-image synthesis},
  author={Tao, Ming and Bao, Bing-Kun and Tang, Hao and Xu, Changsheng},
  booktitle={Proceedings of the IEEE/CVF Conference on Computer Vision and Pattern Recognition},
  pages={14214--14223},
  year={2023}
}

@inproceedings{radford2021learning,
  title={Learning transferable visual models from natural language supervision},
  author={Radford, Alec and Kim, Jong Wook and Hallacy, Chris and Ramesh, Aditya and Goh, Gabriel and Agarwal, Sandhini and Sastry, Girish and Askell, Amanda and Mishkin, Pamela and Clark, Jack and others},
  booktitle={International conference on machine learning},
  pages={8748--8763},
  year={2021},
  organization={PMLR}
}

@inproceedings{yang2022deep,
  title={Deep joint source-channel coding for wireless image transmission with adaptive rate control},
  author={Yang, Mingyu and Kim, Hun-Seok},
  booktitle={ICASSP 2022-2022 IEEE International Conference on Acoustics, Speech and Signal Processing (ICASSP)},
  pages={5193--5197},
  year={2022},
  organization={IEEE}
}

@inproceedings{zhang2017stackgan,
  title={Stackgan: Text to photo-realistic image synthesis with stacked generative adversarial networks},
  author={Zhang, Han and Xu, Tao and Li, Hongsheng and Zhang, Shaoting and Wang, Xiaogang and Huang, Xiaolei and Metaxas, Dimitris N},
  booktitle={Proceedings of the IEEE international conference on computer vision},
  pages={5907--5915},
  year={2017}
}

@inproceedings{xu2018attngan,
  title={Attngan: Fine-grained text to image generation with attentional generative adversarial networks},
  author={Xu, Tao and Zhang, Pengchuan and Huang, Qiuyuan and Zhang, Han and Gan, Zhe and Huang, Xiaolei and He, Xiaodong},
  booktitle={Proceedings of the IEEE conference on computer vision and pattern recognition},
  pages={1316--1324},
  year={2018}
}

@inproceedings{ramesh2021zero,
  title={Zero-shot text-to-image generation},
  author={Ramesh, Aditya and Pavlov, Mikhail and Goh, Gabriel and Gray, Scott and Voss, Chelsea and Radford, Alec and Chen, Mark and Sutskever, Ilya},
  booktitle={International conference on machine learning},
  pages={8821--8831},
  year={2021},
  organization={Pmlr}
}

@inproceedings{isola2017image,
  title={Image-to-image translation with conditional adversarial networks},
  author={Isola, Phillip and Zhu, Jun-Yan and Zhou, Tinghui and Efros, Alexei A},
  booktitle={Proceedings of the IEEE conference on computer vision and pattern recognition},
  pages={1125--1134},
  year={2017}
}

@inproceedings{wang2018high,
  title={High-resolution image synthesis and semantic manipulation with conditional gans},
  author={Wang, Ting-Chun and Liu, Ming-Yu and Zhu, Jun-Yan and Tao, Andrew and Kautz, Jan and Catanzaro, Bryan},
  booktitle={Proceedings of the IEEE conference on computer vision and pattern recognition},
  pages={8798--8807},
  year={2018}
}

@inproceedings{tao2022df,
  title={Df-gan: A simple and effective baseline for text-to-image synthesis},
  author={Tao, Ming and Tang, Hao and Wu, Fei and Jing, Xiao-Yuan and Bao, Bing-Kun and Xu, Changsheng},
  booktitle={Proceedings of the IEEE/CVF Conference on Computer Vision and Pattern Recognition},
  pages={16515--16525},
  year={2022}
}

@inproceedings{bian2023deepjscc,
  title={DeepJSCC-1++: Robust and Bandwidth-Adaptive Wireless Image Transmission},
  author={Bian, Chenghong and Shao, Yulin and G{\"u}nd{\"u}z, Deniz},
  booktitle={GLOBECOM 2023-2023 IEEE Global Communications Conference},
  pages={3148--3154},
  year={2023},
  organization={IEEE}
}

@inproceedings{le2014distributed,
  title={Distributed representations of sentences and documents},
  author={Le, Quoc and Mikolov, Tomas},
  booktitle={International conference on machine learning},
  pages={1188--1196},
  year={2014},
  organization={PMLR}
}

@inproceedings{yang2021deep,
  title={Deep joint source channel coding for wireless image transmission with OFDM},
  author={Yang, Mingyu and Bian, Chenghong and Kim, Hun-Seok},
  booktitle={ICC 2021-IEEE International Conference on Communications},
  pages={1--6},
  year={2021},
  organization={IEEE}
}

@inproceedings{han2023generative,
  title={Generative model based highly efficient semantic communication approach for image transmission},
  author={Han, Tianxiao and Tang, Jiancheng and Yang, Qianqian and Duan, Yiping and Zhang, Zhaoyang and Shi, Zhiguo},
  booktitle={ICASSP 2023-2023 IEEE International Conference on Acoustics, Speech and Signal Processing (ICASSP)},
  pages={1--5},
  year={2023},
  organization={IEEE}
}

@inproceedings{lin2014microsoft,
  title={Microsoft coco: Common objects in context},
  author={Lin, Tsung-Yi and Maire, Michael and Belongie, Serge and Hays, James and Perona, Pietro and Ramanan, Deva and Doll{\'a}r, Piotr and Zitnick, C Lawrence},
  booktitle={Computer Vision--ECCV 2014: 13th European Conference, Zurich, Switzerland, September 6-12, 2014, Proceedings, Part V 13},
  pages={740--755},
  year={2014},
  organization={Springer}
}

@inproceedings{papineni2002bleu,
  title={Bleu: a method for automatic evaluation of machine translation},
  author={Papineni, Kishore and Roukos, Salim and Ward, Todd and Zhu, Wei-Jing},
  booktitle={Proceedings of the 40th annual meeting of the Association for Computational Linguistics},
  pages={311--318},
  year={2002}
}

@inproceedings{pennington2014glove,
  title={Glove: Global vectors for word representation},
  author={Pennington, Jeffrey and Socher, Richard and Manning, Christopher D},
  booktitle={Proceedings of the 2014 conference on empirical methods in natural language processing (EMNLP)},
  pages={1532--1543},
  year={2014}
}

%论文集论文
@incollection{hariharan14,
	title={Simultaneous detection and segmentation},
	author={Bharath {Hariharan} and Pablo {Arbel} and Ross {Girshick} and Jitendra {Malik}},
	booktitle={Computer vision--ECCV 2014},
	pages={297--312},
	year={2014},
	publisher={Springer},
	address={New York}
}

%硕士学位论文
@masterthesis{zhang98,
	author={张志祥},
	title={间断动力系统的随机扰动及其在守恒律方程中的应用},
	address={北京},
	school={北京大学数学学院},
	year={1998年}
}

%博士学位论文
@phdthesis{Li08,
	author={李峥},
	title={数字几何图形网格变形理论和方法},
	address={广州},
	school={中山大学},
	year={2008年5月}
}

%普通图书
@book{Su81,
	author={苏步青 and 刘鼎元},
	title={计算几何},
	address={上海},
	publisher={上海科学技术出版社},
	year={1981}
}

%专利
@patent{Liu93,
	author={刘加林},
	title={多功能一次性压舌板},
	country={中国},
	patentid={9214985.2},
	date={1993-04-14}
}

%网页文档
@online{Jiang99,
	author={江向东},
	title={互联网环境下的信息处理与图书管理系统解决方案},
	publisher={情报学报},
	year={1999},
	citedate={2000-01-18},
	url={http:/www.chinain\%fo.gov.cn/periodical/gbxb/gbxb9/gbxb90203}
}

%标准
@standard{Zuo10,
	title={网络部署标准},
	author={作者},
	edition={网络部},
	year={2010},
	pages={1--6},
	citedate={2011-11-12},
	publisher={},
	address={}
}

@software{Jocher_Ultralytics_YOLO_2023,
author = {Jocher, Glenn and Chaurasia, Ayush and Qiu, Jing},
license = {AGPL-3.0},
month = jan,
title = {{Ultralytics YOLO}},
url = {https://github.com/ultralytics/ultralytics},
version = {8.0.0},
year = {2023}
}

