@webpage{.202211,
  title = {Ericsson {{Mobility Report}} (2022)},
  year = {2022},
  month = nov,
  urldate = {2023-05-09},
  url = {https://www.ericsson.com/en/reports-and-papers/mobility-report/reports},
  langid = {english},
  annotation = {titleTranslation: titleTranslation: titleTranslation: titleTranslation:}
}

@inproceedings{rakelly.quillen201905,
  title = {Efficient {{Off-Policy Meta-Reinforcement Learning}} via {{Probabilistic Context Variables}}},
  shorttitle = {Proc. {{Int}}. {{Conf}}. {{Mach}}. {{Learn}}. ({{ICML}})},
  booktitle = {Proceedings of the 36th {{International Conference}} on {{Machine Learning}}},
  author = {Rakelly, Kate and Zhou, Aurick and Finn, Chelsea and Levine, Sergey and Quillen, Deirdre},
  year = {2019},
  month = may,
  pages = {5331--5340},
  publisher = {{PMLR}},
  issn = {2640-3498},
  urldate = {2022-05-18},
  langid = {english}
}

@misc{kingma.welling201405,
  title = {Auto-{{Encoding Variational Bayes}}},
  author = {Kingma, Diederik P. and Welling, Max},
  year = {2014},
  month = may,
  number = {arXiv:1312.6114},
  eprint = {1312.6114},
  institution = {{arXiv}},
  urldate = {2022-05-18},
  archiveprefix = {arxiv}
}

@misc{haarnoja.levine201901,
  title = {Soft {{Actor-Critic Algorithms}} and {{Applications}}},
  author = {Haarnoja, Tuomas and Zhou, Aurick and Hartikainen, Kristian and Tucker, George and Ha, Sehoon and Tan, Jie and Kumar, Vikash and Zhu, Henry and Gupta, Abhishek and Abbeel, Pieter and Levine, Sergey},
  year = {2019},
  month = jan,
  number = {arXiv:1812.05905},
  eprint = {1812.05905},
  institution = {{arXiv}},
  urldate = {2022-05-23},
  archiveprefix = {arxiv}
}

@mastersthesis{retyk.retyk202104,
  title = {On {{Meta-Reinforcement Learning}} in Task Distributions with Varying Dynamics},
  author = {Retyk, Federico},
  year = {2021},
  month = apr,
  urldate = {2023-05-05},
  copyright = {Open Access},
  langid = {english},
  school = {Universitat Polit\`ecnica de Catalunya},
  annotation = {Accepted: 2021-06-30T10:23:27Z}
}

@article{jain1984quantitative,
  title={A quantitative measure of fairness and discrimination},
  author={Jain, Rajendra K and Chiu, Dah-Ming W and Hawe, William R and others},
  journal={Eastern Res. Lab., Digit. Equip. Corp., Hudson, MA, USA, Tech. Rep.},
  volume={21},
  year={1984}
}


@webpage{.cy,
  title = {{{DARPA SC2 Website}}},
  journal = {DARPA SC2 Website},
  url = {https://spectrumcollaborationchallenge.com/}
}


@Book{max-min,
    author    = {Bertsekas, Dimitri and Gallager, Robert},
    publisher = {Prentice-Hall International New Jersey},
    title     = {Data networks},
    year      = {1992},
    volume    = {2},
}



@misc{du.kim202301,
  title = {Enabling {{AI-Generated Content}} ({{AIGC}}) {{Services}} in {{Wireless Edge Networks}}},
  author = {Du, Hongyang and Li, Zonghang and Niyato, Dusit and Kang, Jiawen and Xiong, Zehui and Xuemin and Shen and Kim, Dong In},
  year = {2023},
  month = jan,
  number = {arXiv:2301.03220},
  eprint = {2301.03220},
  publisher = {{arXiv}},
  urldate = {2023-11-06},
  archiveprefix = {arxiv},
  langid = {english}
}


@inproceedings{rashid.whiteson201807,
  title = {{{QMIX}}: {{Monotonic Value Function Factorisation}} for {{Deep Multi-Agent Reinforcement Learning}}},
  shorttitle = {{{QMIX}}},
  booktitle = {Proceedings of the 35th {{International Conference}} on {{Machine Learning}}},
  author = {Rashid, Tabish and Samvelyan, Mikayel and Schroeder, Christian and Farquhar, Gregory and Foerster, Jakob and Whiteson, Shimon},
  year = {2018},
  month = jul,
  pages = {4295--4304},
  publisher = {{PMLR}},
  issn = {2640-3498},
  urldate = {2023-04-14},
  langid = {english}
}


@phdthesis{sutton.sutton,
  title = {Temporal {{Credit Assignment}} in {{Reinforcement Learning}}},
  author = {SUTTON, RICHARD STUART},
  address = {{United States -- Massachusetts}},
  urldate = {2023-10-09},
  copyright = {Database copyright ProQuest LLC; ProQuest does not claim copyright in the individual underlying works.},
  isbn = {9798204592971},
  langid = {english},
  school = {University of Massachusetts Amherst}
}



@preamble{ "\providecommand{\noopsort}[1]{} " }
